@article{DBLP:journals/corr/WilsonHSX15,
  author    = {Andrew Gordon Wilson and
               Zhiting Hu and
               Ruslan Salakhutdinov and
               Eric P. Xing},
  title     = {Deep Kernel Learning},
  journal   = {CoRR},
  volume    = {abs/1511.02222},
  year      = {2015},
  url       = {http://arxiv.org/abs/1511.02222},
  timestamp = {Tue, 01 Dec 2015 19:22:34 +0100},
  biburl    = {http://dblp.uni-trier.de/rec/bib/journals/corr/WilsonHSX15},
  bibsource = {dblp computer science bibliography, http://dblp.org}
}

@inproceedings{DBLP:conf/aistats/PandeyD14,
  author    = {Gaurav Pandey and
               Ambedkar Dukkipati},
  title     = {To go deep or wide in learning?},
  booktitle = {Proceedings of the Seventeenth International Conference on Artificial
               Intelligence and Statistics, {AISTATS} 2014, Reykjavik, Iceland, April
               22-25, 2014},
  pages     = {724--732},
  year      = {2014},
  url       = {http://jmlr.org/proceedings/papers/v33/pandey14.html},
  timestamp = {Tue, 12 Jul 2016 21:51:16 +0200},
  biburl    = {http://dblp.uni-trier.de/rec/bib/conf/aistats/PandeyD14},
  bibsource = {dblp computer science bibliography, http://dblp.org}
}

@book{scholkopf2002learning,
  title     = {Learning with kernels: support vector machines, regularization, optimization, and beyond},
  author    = {Sch{\"o}lkopf, Bernhard and Smola, Alexander J},
  year      = {2002},
  publisher = {MIT press}
}
